<record><leader>00000cas a22000007a 4500</leader><controlfield tag="001">18922865</controlfield><controlfield tag="008">881219d19571960aluwr ne      0    0eng d</controlfield><datafield ind1=" " ind2=" " tag="010"><subfield code="a">sn 88050238 </subfield></datafield><datafield ind1=" " ind2=" " tag="040"><subfield code="a">AAR</subfield><subfield code="b">eng</subfield><subfield code="c">AAR</subfield><subfield code="d">CPN</subfield><subfield code="d">OCLCQ</subfield></datafield><datafield ind1=" " ind2=" " tag="042"><subfield code="a">msc</subfield></datafield><datafield ind1="0" ind2="4" tag="245"><subfield code="a">The Sunday home news.</subfield></datafield><datafield ind1=" " ind2=" " tag="260"><subfield code="a">Talladega, Ala. :</subfield><subfield code="b">Talladega Pub. Co.,</subfield><subfield code="c">1957-1960.</subfield></datafield><datafield ind1=" " ind2=" " tag="300"><subfield code="a">v.</subfield></datafield><datafield ind1=" " ind2=" " tag="310"><subfield code="a">Weekly</subfield></datafield><datafield ind1="0" ind2=" " tag="362"><subfield code="a">87th Year, no. 96 (Aug. 25, 1957)-90th year, no. 165 (Nov. 20, 1960).</subfield></datafield><datafield ind1=" " ind2=" " tag="752"><subfield code="a">United States</subfield><subfield code="b">Alabama</subfield><subfield code="c">Talladega</subfield><subfield code="d">Talladega.</subfield></datafield><datafield ind1="0" ind2=" " tag="775"><subfield code="t">Talladega daily home and our mountain home</subfield><subfield code="w">(DLC)sn 88050237</subfield></datafield></record>